<?xml version="1.0" encoding="UTF-8"?>
<collection xmlns="http://www.loc.gov/MARC21/slim">
    <record>
        <leader>00000nz  a2200169   4500</leader>
        <controlfield tag="001">30078101</controlfield>
        <controlfield tag="003">RISM</controlfield>
        <controlfield tag="005">20160216</controlfield>
        <controlfield tag="008">160216n||az|||||||##########||||||||||||</controlfield>
        <datafield tag="040" ind1=" " ind2=" ">
            <subfield code="a">CN-BEIccm</subfield>
        </datafield>
        <datafield tag="043" ind1=" " ind2=" ">
            <subfield code="c">XB-CN</subfield>
        </datafield>
        <datafield tag="110" ind1="2" ind2=" ">
            <subfield code="a">Central Conservatory of Music</subfield>
            <subfield code="c">Beijing</subfield>
            <subfield code="g">CN-BEIccm</subfield>
        </datafield>
        <datafield tag="622" ind1=" " ind2=" ">
            <subfield code="e">Central Conservatory of Music, Xicheng District, No.43 Bao Jia Street, Beijing 100031, P. R. China</subfield>
            <subfield code="u">http://www.ccom.edu.cn/news/</subfield>
        </datafield>
    </record>