
    <record>
        <leader>00000nz  a2200169   4500</leader>
        <controlfield tag="001">30078100</controlfield>
        <controlfield tag="003">RISM</controlfield>
        <controlfield tag="005">20160216</controlfield>
        <controlfield tag="008">160216n||az|||||||##########||||||||||||</controlfield>
        <datafield tag="040" ind1=" " ind2=" ">
            <subfield code="a">CN-BEIcna</subfield>
        </datafield>
        <datafield tag="043" ind1=" " ind2=" ">
            <subfield code="c">XB-CN</subfield>
        </datafield>
        <datafield tag="110" ind1="2" ind2=" ">
            <subfield code="a">Central Academy of Fine Arts</subfield>
            <subfield code="c">Beijing</subfield>
            <subfield code="g">CN-BEIcna</subfield>
        </datafield>
        <datafield tag="622" ind1=" " ind2=" ">
            <subfield code="e">Central Academy of Fine Arts, Chao Yang District, No.8 Hua Jia Di Nan Street, 100102 Beijing, P. R. China</subfield>
            <subfield code="u">http://www.cafa.edu.cn/</subfield>
        </datafield>
    </record>