
    <record>
        <leader>00000nz  a2200169   4500</leader>
        <controlfield tag="001">30078102</controlfield>
        <controlfield tag="003">RISM</controlfield>
        <controlfield tag="005">20160216</controlfield>
        <controlfield tag="008">160216n||az|||||||##########||||||||||||</controlfield>
        <datafield tag="040" ind1=" " ind2=" ">
            <subfield code="a">CN-BEIpu</subfield>
        </datafield>
        <datafield tag="043" ind1=" " ind2=" ">
            <subfield code="c">XB-CN</subfield>
        </datafield>
        <datafield tag="110" ind1="2" ind2=" ">
            <subfield code="a">Peking University</subfield>
            <subfield code="c">Beijing</subfield>
            <subfield code="g">CN-BEIpu</subfield>
        </datafield>
        <datafield tag="622" ind1=" " ind2=" ">
            <subfield code="e">Peking University, Haidian District, No.5 Yiheyuan Road, Beijing 100871, P. R. China</subfield>
            <subfield code="u">http://www.pku.edu.cn/</subfield>
        </datafield>
    </record>