
    <record>
        <leader>00000nz  a2200169   4500</leader>
        <controlfield tag="001">30080502</controlfield>
        <controlfield tag="003">RISM</controlfield>
        <controlfield tag="005">20160216</controlfield>
        <controlfield tag="008">160216n||az|||||||##########||||||||||||</controlfield>
        <datafield tag="040" ind1=" " ind2=" ">
            <subfield code="a">CN-Gxcm</subfield>
        </datafield>
        <datafield tag="043" ind1=" " ind2=" ">
            <subfield code="c">XB-CN</subfield>
        </datafield>
        <datafield tag="110" ind1="2" ind2=" ">
            <subfield code="a">Xinghai Conservatory of Music</subfield>
            <subfield code="c">Guangzhou</subfield>
            <subfield code="g">CN-Gxcm</subfield>
        </datafield>
        <datafield tag="622" ind1=" " ind2=" ">
            <subfield code="e">Xinghai Conservatory of Music, Tianhe District, No.48 Xianlie East Cross Rd., Guangzhou 510500, P. R. China</subfield>
            <subfield code="u">http://www.xhzsb.com/</subfield>
        </datafield>
    </record>