
    <record>
        <leader>00000nz  a2200169   4500</leader>
        <controlfield tag="001">30078098</controlfield>
        <controlfield tag="003">RISM</controlfield>
        <controlfield tag="005">20160216</controlfield>
        <controlfield tag="008">160216n||az|||||||##########||||||||||||</controlfield>
        <datafield tag="040" ind1=" " ind2=" ">
            <subfield code="a">CN-SHAl</subfield>
        </datafield>
        <datafield tag="043" ind1=" " ind2=" ">
            <subfield code="c">XB-CN</subfield>
        </datafield>
        <datafield tag="110" ind1="2" ind2=" ">
            <subfield code="a">Shanghai Library</subfield>
            <subfield code="c">Shanghai</subfield>
            <subfield code="g">CN-SHAl</subfield>
        </datafield>
        <datafield tag="410" ind1="2" ind2=" ">
            <subfield code="a">Institute of Scientific and Technical Information of Shanghai</subfield>
        </datafield>
        <datafield tag="622" ind1=" " ind2=" ">
            <subfield code="e">Shanghai Library, No.1555 Huai Hai Zhong Road, Xu Hui Qu, Shanghai 200031, P. R. China</subfield>
            <subfield code="u">http://www.library.sh.cn/</subfield>
        </datafield>
    </record>
</collection>

